@ARTICLE{2015PhRvD..91d2003V,
   author = {J. Veitch and others},
    title = "{Parameter estimation for compact binaries with ground-based gravitational-wave observations using the LALInference software library}",
  journal = {\prd},
archivePrefix = "arXiv",
   eprint = {1409.7215},
 primaryClass = "gr-qc",
 keywords = {Inference methods, Gravitational waves: theory, Gravitational radiation magnetic fields and other observations},
     year = 2015,
    month = feb,
   volume = 91,
   number = 4,
      eid = {042003},
    pages = {042003},
      doi = {10.1103/PhysRevD.91.042003},
   adsurl = {http://adsabs.harvard.edu/abs/2015PhRvD..91d2003V},
  adsnote = {Provided by the SAO/NASA Astrophysics Data System}
}

@ARTICLE{2012JPhCS.363a2041P,
   author = {{Pitkin}, M. and {Gill}, C. and {Veitch}, J. and {Macdonald}, E. and
        {Woan}, G.},
    title = "{A new code for parameter estimation in searches for gravitational waves from known pulsars}",
  journal = {Journal of Physics Conference Series},
archivePrefix = "arXiv",
   eprint = {1203.2856},
 primaryClass = "astro-ph.HE",
     year = 2012,
    month = jun,
   volume = 363,
   number = 1,
      eid = {012041},
    pages = {012041},
      doi = {10.1088/1742-6596/363/1/012041},
   adsurl = {http://adsabs.harvard.edu/abs/2012JPhCS.363a2041P},
  adsnote = {Provided by the SAO/NASA Astrophysics Data System}
}

@ARTICLE{2005PhRvD..72j2002D,
   author = {{Dupuis}, R.~J. and {Woan}, G.},
    title = "{Bayesian estimation of pulsar parameters from gravitational wave data}",
  journal = {\prd},
   eprint = {gr-qc/0508096},
 keywords = {Gravitational wave detectors and experiments, Probability theory stochastic processes and statistics},
     year = 2005,
    month = nov,
   volume = 72,
   number = 10,
      eid = {102002},
    pages = {102002},
      doi = {10.1103/PhysRevD.72.102002},
   adsurl = {http://adsabs.harvard.edu/abs/2005PhRvD..72j2002D},
  adsnote = {Provided by the SAO/NASA Astrophysics Data System}
}

@ARTICLE{2010ApJ...713..671A,
   author = {B.~P. Abbott and others},
    title = "{Searches for Gravitational Waves from Known Pulsars with Science Run 5 LIGO Data}",
  journal = {\apj},
archivePrefix = "arXiv",
   eprint = {0909.3583},
 primaryClass = "astro-ph.HE",
 keywords = {gravitational waves, pulsars: general},
     year = 2010,
    month = apr,
   volume = 713,
    pages = {671-685},
      doi = {10.1088/0004-637X/713/1/671},
   adsurl = {http://adsabs.harvard.edu/abs/2010ApJ...713..671A},
  adsnote = {Provided by the SAO/NASA Astrophysics Data System}
}

@article{Skilling:2006,
        Author = {Skilling, J.},
        Journal = {Bayesian Analysis},
        Number = 4,
        Pages = {833-860},
        Title = {Nested sampling for general {B}ayesian computation},
        Volume = 1,
        Year = 2006}
