@ARTICLE{2015PhRvD..91d2003V,
   author = {J. Veitch and others},
    title = "{Parameter estimation for compact binaries with ground-based gravitational-wave observations using the LALInference software library}",
  journal = {Phys. Rev. D},
archivePrefix = "arXiv",
   eprint = {1409.7215},
 primaryClass = "gr-qc",
 keywords = {Inference methods, Gravitational waves: theory, Gravitational radiation magnetic fields and other observations},
     year = 2015,
    month = feb,
   volume = 91,
   number = 4,
      eid = {042003},
    pages = {042003},
      doi = {10.1103/PhysRevD.91.042003},
   adsurl = {http://adsabs.harvard.edu/abs/2015PhRvD..91d2003V},
  adsnote = {Provided by the SAO/NASA Astrophysics Data System}
}

@ARTICLE{2012JPhCS.363a2041P,
   author = {{Pitkin}, M. and {Gill}, C. and {Veitch}, J. and {Macdonald}, E. and
        {Woan}, G.},
    title = "{A new code for parameter estimation in searches for gravitational waves from known pulsars}",
  journal = {JPCS},
archivePrefix = "arXiv",
   eprint = {1203.2856},
 primaryClass = "astro-ph.HE",
     year = 2012,
    month = jun,
   volume = 363,
   number = 1,
      eid = {012041},
    pages = {012041},
      doi = {10.1088/1742-6596/363/1/012041},
   adsurl = {http://adsabs.harvard.edu/abs/2012JPhCS.363a2041P},
  adsnote = {Provided by the SAO/NASA Astrophysics Data System}
}

@ARTICLE{2005PhRvD..72j2002D,
   author = {{Dupuis}, R.~J. and {Woan}, G.},
    title = "{Bayesian estimation of pulsar parameters from gravitational wave data}",
  journal = {Phys. Rev. D},
   eprint = {gr-qc/0508096},
 keywords = {Gravitational wave detectors and experiments, Probability theory stochastic processes and statistics},
     year = 2005,
    month = nov,
   volume = 72,
   number = 10,
      eid = {102002},
    pages = {102002},
      doi = {10.1103/PhysRevD.72.102002},
   adsurl = {http://adsabs.harvard.edu/abs/2005PhRvD..72j2002D},
  adsnote = {Provided by the SAO/NASA Astrophysics Data System}
}

@ARTICLE{2010ApJ...713..671A,
   author = {B.~P. Abbott and others},
    title = "{Searches for Gravitational Waves from Known Pulsars with Science Run 5 LIGO Data}",
  journal = {Astrophys. J.},
archivePrefix = "arXiv",
   eprint = {0909.3583},
 primaryClass = "astro-ph.HE",
 keywords = {gravitational waves, pulsars: general},
     year = 2010,
    month = apr,
   volume = 713,
    pages = {671-685},
      doi = {10.1088/0004-637X/713/1/671},
   adsurl = {http://adsabs.harvard.edu/abs/2010ApJ...713..671A},
  adsnote = {Provided by the SAO/NASA Astrophysics Data System}
}

@article{Skilling:2006,
   author = {Skilling, J.},
  journal = {Bayesian Anal.},
   number = 4,
    pages = {833-860},
    title = {Nested sampling for general Bayesian computation},
   volume = 1,
     year = 2006,
      doi = {10.1214/06-BA127}
}

@phdthesis{Dupuisthesis,
   author = {{Dupuis}, R.~J.},
   school = {University of Glasgow},
    title = {Bayesian searches for gravitational waves from pulsars},
     year = 2004,
     note = {\url{http://theses.gla.ac.uk/5714/}}
}

@ARTICLE{1998ApJ...504..405S,
   author = {{Scargle}, J.~D.},
    title = "{Studies in Astronomical Time Series Analysis. V. Bayesian Blocks, a New Method to Analyze
Structure in Photon Counting Data}",
  journal = {Astrophys. J.},
   eprint = {astro-ph/9711233},
 keywords = {METHODS: DATA ANALYSIS, GAMMA RAYS: BURSTS, METHODS: NUMERICAL, METHODS: STATISTICAL, Gamma Rays:
Bursts, Methods: Numerical, Methods: Data Analysis, Methods: Statistical},
     year = 1998,
    month = sep,
   volume = 504,
    pages = {405-418},
      doi = {10.1086/306064},
   adsurl = {http://adsabs.harvard.edu/abs/1998ApJ...504..405S},
  adsnote = {Provided by the SAO/NASA Astrophysics Data System}
}

@ARTICLE{2015arXiv150105832J,
   author = {{Jones}, D.~I.},
    title = "{Parameter choices and ranges for continuous gravitational wave searches for steadily spinning neutron stars}",
  journal = {Mon.~Not.~R.~Astron.~Soc.},
archivePrefix = "arXiv",
   eprint = {1501.05832},
 primaryClass = "gr-qc",
 keywords = {gravitational waves, methods: data analysis, stars: neutron, stars: rotation},
     year = 2015,
    month = oct,
   volume = 453,
    pages = {53-66},
      doi = {10.1093/mnras/stv1584},
   adsurl = {http://adsabs.harvard.edu/abs/2015MNRAS.453...53J},
  adsnote = {Provided by the SAO/NASA Astrophysics Data System}
}


@ARTICLE{1998PhRvD..58f3001J,
   author = {{Jaranowski}, P. and {Kr{\'o}lak}, A. and {Schutz}, B.~F.},
    title = "{Data analysis of gravitational-wave signals from spinning neutron stars: The signal and its
detection}",
  journal = {Phys. Rev. D},
   eprint = {gr-qc/9804014},
 keywords = {Gravitational radiation detectors, mass spectrometers, and other instrumentation and techniques,
Gravitational wave detectors and experiments, Mathematical procedures and computer techniques, Pulsars},
     year = 1998,
    month = sep,
   volume = 58,
   number = 6,
      eid = {063001},
    pages = {063001},
      doi = {10.1103/PhysRevD.58.063001},
   adsurl = {http://adsabs.harvard.edu/abs/1998PhRvD..58f3001J},
  adsnote = {Provided by the SAO/NASA Astrophysics Data System}
}

@ARTICLE{2014PhRvX...4c1006F,
   author = {{Field}, S.~E. and {Galley}, C.~R. and {Hesthaven}, J.~S. and
        {Kaye}, J. and {Tiglio}, M.},
    title = "{Fast Prediction and Evaluation of Gravitational Waveforms Using Surrogate Models}",
  journal = {Phys. Rev. X},
archivePrefix = "arXiv",
   eprint = {1308.3565},
 primaryClass = "gr-qc",
 keywords = {Gravitational waves: theory, Numerical studies of black holes and black-hole binaries, Numerical
approximation and analysis},
     year = 2014,
    month = jul,
   volume = 4,
   number = 3,
      eid = {031006},
    pages = {031006},
      doi = {10.1103/PhysRevX.4.031006},
   adsurl = {http://adsabs.harvard.edu/abs/2014PhRvX...4c1006F},
  adsnote = {Provided by the SAO/NASA Astrophysics Data System}
}

@ARTICLE{2015PhRvL.114g1104C,
   author = {{Canizares}, P. and {Field}, S.~E. and {Gair}, J. and {Raymond}, V. and
        {Smith}, R. and {Tiglio}, M.},
    title = "{Accelerated Gravitational Wave Parameter Estimation with Reduced Order Modeling}",
  journal = {Phys. Rev. Lett.},
archivePrefix = "arXiv",
   eprint = {1404.6284},
 primaryClass = "gr-qc",
 keywords = {Gravitational wave detectors and experiments, Gravitational waves: theory, Gravitational
radiation detectors, mass spectrometers, and other instrumentation and techniques},
     year = 2015,
    month = feb,
   volume = 114,
   number = 7,
      eid = {071104},
    pages = {071104},
      doi = {10.1103/PhysRevLett.114.071104},
   adsurl = {http://adsabs.harvard.edu/abs/2015PhRvL.114g1104C},
  adsnote = {Provided by the SAO/NASA Astrophysics Data System}
}

@ARTICLE{Veitch:2010,
   author = {{Veitch}, J. and {Vecchio}, A.},
    title = "{Bayesian coherent analysis of in-spiral gravitational wave signals with a detector network}",
  journal = {Phys. Rev. D},
archivePrefix = "arXiv",
   eprint = {0911.3820},
 primaryClass = "astro-ph.CO",
 keywords = {Gravitational wave detectors and experiments, General statistical methods, Applications of Monte
Carlo methods},
     year = 2010,
    month = mar,
   volume = 81,
   number = 6,
    pages = {062003},
      doi = {10.1103/PhysRevD.81.062003},
   adsurl = {http://ukads.nottingham.ac.uk/abs/2010PhRvD..81f2003V},
  adsnote = {Provided by the SAO/NASA Astrophysics Data System}
}
  
@ARTICLE{2006MNRAS.369..655H,
   author = {{Hobbs}, G.~B. and {Edwards}, R.~T. and {Manchester}, R.~N.},
    title = "{TEMPO2, a new pulsar-timing package - I. An overview}",
  journal = {MNRAS},
   eprint = {astro-ph/0603381},
 keywords = {methods: data analysis: ephemerides: pulsars: general, methods: data analysis, ephemerides, pulsars: general},
     year = 2006,
    month = jun,
   volume = 369,
    pages = {655-672},
      doi = {10.1111/j.1365-2966.2006.10302.x},
   adsurl = {http://adsabs.harvard.edu/abs/2006MNRAS.369..655H},
  adsnote = {Provided by the SAO/NASA Astrophysics Data System}
}

  
  
  
  

  
  
  
  
  
  